@article{tsai2013autodrug,
  title={AutoDrug: fully automated macromolecular crystallography workflows for fragment-based drug discovery},
  author = { Yingssu Tsai and Scott E. McPhillips and na Gonz{\'a}lez
                  and Timothy M. McPhillips and Daniel Zinn and Aina
                  E. Cohen and Michael D. Feese and David Bushnell and
                  Theresa Tiefenbrunn and C. David Stout and Bertram
                  Lud{\"a}scher and Britt Hedman and Keith O. Hodgsona
                  and S. Michael Soltis},
  journal={Acta Crystallographica Section D: Biological Crystallography},
  volume=69,
  number={5},
  pages={796--803},
  year=2013,
  publisher={International Union of Crystallography}
}


@article{bocinsky2014,
  title={A 2,000-Year reconstruction of the rain-fed maize agricultural niche in the {US} Southwest},
  author={R.\ Kyle Bocinsky and Timothy A.\ Kohler},
  journal={Nature Communications},
  volume={5},
  year={2014},
  note={\href{http://dx.doi.org/10.1038/ncomms6618}{doi:10.1038/ncomms6618}},
  publisher={Nature Publishing Group}
}

@article{van2012if,
  title={If you build it, will we come? {Large} scale digital infrastructures as a dead end for digital humanities},
  author={Van Zundert, Joris},
  journal={Historical Social Research/Historische Sozialforschung},
  pages={165--186},
  year={2012},
  publisher={JSTOR}
}

@book{stodden2014implementing,
  title={Implementing Reproducible Research},
  author={Stodden, Victoria and Leisch, Friedrich and Peng, Roger D},
  year={2014},
  publisher={CRC Press}
}




@Misc{kuratorproject,
  author = 	 {James Hanken and Bertram Lud\"ascher and James Macklin},
  title = 	 {Kurator: A Provenance-enabled Workflow Platform and Toolkit to Curate Biodiversity Data},
  howpublished = {NSF-DBI Awards \#1356438, \#1356751},
  year = 2014,
  note = 	 {\href{http://wiki.datakurator.net/}{wiki.datakurator.net}}}

@Misc{moreau2013prov,
  title={{PROV-DM}: The {PROV} Data Model},
  author={Moreau, Luc and Missier, Paolo},
  howpublished = {\url{http://www.w3.org/TR/prov-dm/}},
  year=2013,
  publisher={W3C}
}

@misc{dataone2014provone,
  title={ProvONE: A PROV Extension Data Model for Scientific Workflow Provenance}, 
  author={V\'ictor Cuevas-Vicentt\'in and Bertram Lud\"ascher and
                  Paolo Missier and Khalid Belhajjame and Fernando
                  Chirigati and Yaxing Wei and Saumen Dey and Parisa
                  Kianmajd and David Koop and Shawn Bowers and Ilkay
                  Altintas and Christopher Jones and Matthew B. Jones
                  and Lauren Walker and Peter Slaughter and Ben
                  Leinfelder},
  howpublished = {\url{https://purl.dataone.org/provone-v1-dev}},
  month = {January},
  year=2015
}

@incollection{Bowers2012Provenance,
author = {Bowers, Shawn and McPhillips, Timothy and Lud\"{a}scher, Bertram},
booktitle = {LNCS~7525. {Provenance and Annotation of Data and Processes}},
editor = {Paul Groth and James Frew},
pages = {82--96},
title = {Declarative rules for inferring fine-grained data provenance from scientific workflow execution traces},
doi = {10.1007/978-3-642-34222-6_7},
year = 2012,
publisher = {Springer}
}

@incollection{Zinn2010Abstract,
author = {Zinn, Daniel and Lud\"{a}scher, Bertram},
booktitle = {LNCS~6378. {Provenance and Annotation of Data and Processes}},
editor = {Deborah L. McGuinness and James R. Michaelis and Luc Moreau},
pages = {206--215},
title = {{Abstract provenance graphs: anticipating and exploiting schema-level data provenance}},
doi = {10.1007/978-3-642-17819-1_23},
publisher = {Springer},
year = {2010}
}

@article{Clifford2008original,
  title={Tracking provenance in a virtual data grid},
  author={Clifford, Ben and Foster, Ian and Voeckler, Jens-S and Wilde, Michael and Zhao, Yong},
  journal={Concurrency and Computation: Practice and Experience},
  volume={20},
  number={5},
  pages={565--575},
  year={2008},
  publisher={Wiley Online Library}
}

@inproceedings{Davidson2008Provenance,
address = {New York, NY},
author = {Davidson, Susan B. and Freire, Juliana},
booktitle = {Proceedings of the 2008 {ACM SIGMOD} {International Conference on Management of Data}},
doi = {10.1145/1376616.1376772},
file = {:C$\backslash$:/Users/Tianhong/Downloads/freire-tutorial-sigmod2008.pdf:pdf},
isbn = {9781605581026},
keywords = {provenance,scientific workflows},
month = jun,
pages = {1345--1350},
publisher = {ACM Press},
title = {{Provenance and scientific workflows: challenges and opportunities}},
url = {http://dl.acm.org/citation.cfm?id=1376616.1376772},
year = {2008}
}

@inproceedings{Lim2010Prospective,
author = {Lim, Chunhyeok and Lu, Shiyong and Chebotko, Artem and Fotouhi, Farshad},
booktitle = {{2010 IEEE International Conference on Services Computing}},
doi = {10.1109/SCC.2010.18},
isbn = {978-1-4244-8147-7},
keywords = {Cognition,Computational modeling,Data models,Databases,Engines,OPM,Provenance,RDBMS,Workflow management software,XML,derivation history,open provenance model,prospective and retrospective provenance,prospective provenance collection,retrospective provenance collection,scientific information systems,scientific workflow,scientific workflow environment,third provenance challenge,workflow management software},
language = {English},
month = jul,
pages = {449--456},
publisher = {IEEE},
title = {{Prospective and Retrospective Provenance Collection in Scientific Workflow Environments}},
url = {http://ieeexplore.ieee.org/articleDetails.jsp?arnumber=5557202},
year = {2010}
}

@article{Heidorn2008Shedding,
author = {Heidorn, P. Bryan},
issn = {0024-2594},
keywords = {Dark data,Data curation,Institutional repositories,Small science},
language = {en},
publisher = {Johns Hopkins University Press and the Graduate School of Library and Information Science. University of Illinois at Urbana-Champaign},
title = {{Shedding Light on the Dark Data in the Long Tail of Science}},
url = {https://www.ideals.illinois.edu/handle/2142/10672},
journal = {Library Trends},
number = {2},
pages = {280--299},
volume = {57},
year = {2008}
}

@inproceedings {Lerner2014RDataTracker,
	author = {Barbara Lerner and Emery Boose},
	title = {RDataTracker: Collecting Provenance in an Interactive Scripting Environment},
	booktitle = {6th USENIX Workshop on the Theory and Practice of Provenance (TaPP 2014)},
	year = {2014},
	address = {Cologne},
	url = {https://www.usenix.org/conference/tapp2014/agenda/presentation/lerner},
	publisher = {USENIX Association},
}

@article{Dou2012kurator,
author = {Dou, Lei and Cao, G. and Morris, P.J. and Morris, R.A. and Lud\"{a}scher, Bertram and Macklin, J.A. and Hanken, J.},
doi = {10.1016/j.procs.2012.04.177},
file = {:C$\backslash$:/Users/Tianhong/AppData/Local/Mendeley Ltd./Mendeley Desktop/Downloaded/Dou et al. - 2012 - Kurator A Kepler Package for Data Curation Workflows.pdf:pdf},
issn = {18770509},
journal = {Procedia Computer Science},
keywords = {IDCC14,biodiversity informatics,data curation,scientific workflows},
mendeley-tags = {IDCC14},
month = jan,
pages = {1614--1619},
title = {{Kurator: A Kepler package for data curation workflows}},
url = {http://www.sciencedirect.com/science/article/pii/S1877050912002980},
volume = {9},
year = {2012}
}

@Misc{YWgithub2015,
  author = 	 {{YesWorkflow contributors}},
  title = 	 {Git repositories at \href{http://yesworkflow.org/}{http://yesworkflow.org}}, 
  year = 	 2015}

@article{Goecks2010,
author = {Goecks, Jeremy and Nekrutenko, Anton and Taylor, James},
doi = {10.1186/gb-2010-11-8-r86},
issn = {1465-6914},
journal = {Genome Biology},
keywords = {Algorithms, Animals, Computational Biology, Computational Biology: methods,Databases, Nucleic Acid,Genomics,Genomics: methods,Humans,Internet},
month = jan,
number = {8},
pages = {R86},
pmid = {20738864},
title = {{Galaxy: a comprehensive approach for supporting accessible, reproducible, and transparent computational research in the life sciences.}},
url = {http://genomebiology.com/2010/11/8/R86},
volume = {11},
year = {2010}
}


@article{deelman2005pegasus,
  title={Pegasus: A framework for mapping complex scientific workflows onto distributed systems},
  author={Deelman, Ewa and Singh, Gurmeet and Su, Mei-Hui and Blythe, James and Gil, Yolanda and Kesselman, Carl and Mehta, Gaurang and Vahi, Karan and Berriman, G Bruce and Good, John and Laity, Anastasia and Jacob, Joseph C. and Katz, Daniel S.},
  journal={Scientific Programming},
  volume={13},
  number={3},
  pages={219--237},
  year={2005},
  publisher={IOS Press}
}

@article{oinn2004taverna,
  title={Taverna: a tool for the composition and enactment of bioinformatics workflows},
  author={Oinn, Tom and Addis, Matthew and Ferris, Justin and Marvin, Darren and Senger, Martin and Greenwood, Mark and Carver, Tim and Glover, Kevin and Pocock, Matthew R and Wipat, Anil and Li, Peter},
  journal={Bioinformatics},
  volume={20},
  number={17},
  pages={3045--3054},
  year={2004},
  publisher={Oxford Univ Press}
}

@article{stropp2012workflows,
  title={Workflows for microarray data processing in the Kepler environment},
  author={Stropp, Thomas and McPhillips, Timothy and Lud{\"a}scher, Bertram and Bieda, Mark},
  journal={BMC Bioinformatics},
  volume={13},
  number={1},
  pages={102},
  year={2012},
  publisher={BioMed Central Ltd}
}

@article{gentleman2004bioconductor,
  title={Bioconductor: Open software development for computational biology and bioinformatics},
  author={Gentleman, Robert C and Carey, Vincent J and Bates, Douglas M and Bolstad, Ben and Dettling, Marcel and Dudoit, Sandrine and Ellis, Byron and Gautier, Laurent and Ge, Yongchao and Gentry, Jeff and Hornik, Kurt and Hothorn, Torsten and Huber, Wolfgang and Iacus, Stefano and Irizarry, Rafael and Leisch, Friedrich and Li, Cheng and Maechler, Martin and Rossini, Anthony J and Sawitzki, Gunther and Smith, Colin and Smyth, Gordon and Tierney, Luke and Yang, Jean YH and Zhang, Jianhua},
  journal={Genome biology},
  volume={5},
  number={10},
  pages={R80},
  year={2004},
  publisher={BioMed Central Ltd}
}

@article{bieda2012kepler,
  title={Kepler for `Omics Bioinformatics},
  author={Bieda, Mark},
  journal={Procedia Computer Science},
  volume={9},
  pages={1635--1638},
  year={2012},
  publisher={Elsevier}
}

@book{xie2013dynamic,   
title={Dynamic Documents with {R} and knitr},   
author={Xie, Yihui},   
year={2013},   
publisher={CRC Press} } 

@article{perez2006ipython,   
  Author    = {P\'erez, Fernando and Granger, Brian E.},
  Title     = {{IP}ython: a System for Interactive Scientific Computing}, 
  Journal   = {Computing in Science and Engineering},
  Volume    = {9},
  Number    = {3},
  Pages     = {21--29},
  month     = may,
  year      = 2007,
  url       = "http://ipython.org",
  ISSN      = "1521-9615",
  doi       = {10.1109/MCSE.2007.53},
  publisher = {IEEE Computer Society},
}

@article{frew2008Automatic,
 author = {Frew, James and Metzger, Dominic and Slaughter, Peter},
 title = {Automatic Capture and Reconstruction of Computational Provenance},
 journal = {Concurrency and Computation: Practice and Experience},
 volume = {20},
 number = {5},
 year = {2008},
 issn = {1532-0626},
 pages = {485--496},
 numpages = {12},
 doi = {10.1002/cpe.v20:5},
 acmid = {1350759},
 publisher = {John Wiley and Sons Ltd.},
 address = {Chichester, UK},
 keywords = {ES3, instrumentation, lineage, passive, provenance, transparency}
} 

@inproceedings{guo2012BURRITO,
 author = {Guo, Philip J. and Seltzer, Margo},
 title = {BURRITO: Wrapping Your Lab Notebook in Computational Infrastructure},
booktitle = {{4th USENIX Workshop on the Theory and Practice of Provenance (TaPP '12)}},
 year = {2012},
 pages = {7--7},
 numpages = {1}
}

@inproceedings{muniswamy2006Provenance,
 author = {Muniswamy-Reddy, Kiran-Kumar and Holland, David A. and Braun, Uri and Seltzer, Margo},
 title = {Provenance-aware Storage Systems},
 booktitle = {{USENIX '06 Annual Technical Conference}},
 year = {2006},
 pages = {4--4},
 numpages = {1},
 acmid = {1267363}
} 

@inproceedings{bochner2008Python,
	title = {A {Python} Library for Provenance Recording and Querying},
	booktitle = {{2nd International Provenance and Annotation Workshop}},
	author = {Bochner, Carsten and Gude, Roland and Schreiber, Andreas},
	year = {2008},
	pages = {229--240}
}

@inproceedings{murta2014noWorkflow,
	title = {{noWorkflow: Capturing and Analyzing Provenance of Scripts}},
	booktitle = {{5th International Provenance and Annotation Workshop}},
	author = {Murta, Leonardo and Braganholo, Vanessa and Chirigati, Fernando and Koop, David and Freire, Juliana},
	year = {2014}
}

@inproceedings{huq2013ProvenanceCurious,
	title = {{ProvenanceCurious:} a tool to infer data provenance from scripts},
	isbn = {978-1-4503-1597-5},
	shorttitle = {{ProvenanceCurious}},
	doi = {10.1145/2452376.2452475},
	booktitle = {{EDBT}},
	author = {Huq, Mohammad Rezwanul and Apers, Peter M. G. and Wombacher, Andreas},
	year = {2013},
	pages = {765--768}
}


@inproceedings{Tariq2012Towards,
 author = {Tariq, Dawood and Ali, Maisem and Gehani, Ashish},
 title = {Towards Automated Collection of Application-level Data Provenance},
 booktitle = {{4th USENIX Workshop on the Theory and Practice of Provenance (TaPP '12)}},
 year = {2012},
 pages = {1--5},
 numpages = {1}
} 

@article{gavish2011Universal,
	title = {{A Universal Identifier for Computational Results}},
	volume = {4},
	journal = {Procedia Computer Science},
	author = {Gavish, Matan and Donoho, David},
	year = {2011},
	pages = {637--647}
}

@article{wallis2013if,
  title={If we share data, will anyone use them? Data sharing and reuse in the long tail of science and technology},
  author={Wallis, Jillian C and Rolando, Elizabeth and Borgman, Christine L},
  journal={PLOS ONE},
  volume={8},
  number={7},
  pages={e67332},
  year={2013},
  publisher={Public Library of Science}
}


@article{davison2012automated,
  title={Automated capture of experiment context for easier reproducibility in computational research},
  author={Davison, Andrew},
  journal={Computing in Science \& Engineering},
  volume={14},
  number={4},
  pages={48--56},
  year={2012},
  publisher={AIP Publishing}
}

@article{huntzinger2013north,
  title={The {North American Carbon Program Multi-Scale Synthesis and Terrestrial Model Intercomparison Project}---Part 1: Overview and experimental design},
  author={Huntzinger, DN and Schwalm, C and Michalak, AM and Schaefer, K and King, AW and Wei, Y and Jacobson, A and Liu, S and Cook, RB and Post, WM and Berthier, G and Hayes, D and Huang, M and Ito, A and Lei, H and Lu, C and Mao, J and Peng, CH and Peng, S and Poulter, B and Riccuito, D and Shi, X and Tian, H and Wang, H and Zeng, N and Zhao, F and Zhu, Q},
  journal={Geoscientific Model Development},
  volume={6},
  number={6},
  pages={2121--2133},
  year={2013},
  publisher={Copernicus GmbH}
}

@misc{mcphillips2010restflow,
  title={RestFlow system and tutorial},
  author={McPhillips, T and McPhillips, S},
  howpublished = {\url{http://restflow.org/}},
  year={2010}
}

@incollection{pham2012sole,
  title={SOLE: linking research papers with science objects},
  author={Pham, Quan and Malik, Tanu and Foster, Ian and Di Lauro, Roberto and Montella, Raffaele},
  booktitle = {{Lecture Notes in Computer Science}: Vol.~7525. {Provenance and Annotation of Data and Processes}},
  editor = {Paul Groth and James Frew},
  doi={10.1007/978-3-642-34222-6_16},
  pages={203--208},
  year={2012},
  publisher={Springer}
}

@article{ludascher2006scientific,
  title={Scientific Workflow Management and the {Kepler} System},
  author={Lud{\"a}scher, Bertram and Altintas, Ilkay and Berkley, Chad and Higgins, Dan and Jaeger, Efrat and Jones, Matthew and Lee, Edward A and Tao, Jing and Zhao, Yang},
  journal={Concurrency and Computation: Practice and Experience},
  volume={18},
  number={10},
  pages={1039--1065},
  year={2006},
  publisher={Wiley Online Library}
}

@inproceedings{bavoil2005vistrails,
  title={Vistrails: Enabling interactive multiple-view visualizations},
  author={Bavoil, Louis and Callahan, Steven P and Crossno, Patricia J and Freire, Juliana and Scheidegger, Carlos E and Silva, Cl{\'a}udio T and Vo, Huy T},
  booktitle={Visualization 2005 {(VIS 05)}},
  pages={135--142},
  year={2005},
  publisher={IEEE}
}



@article{knuth1984literate,
  title={Literate Programming},
  author={Knuth, Donald E},
  journal={The Computer Journal},
  volume={27},
  number={2},
  pages={97--111},
  year={1984},
  publisher={Oxford University Press}
}
